@book{monk,
  title={Programming Arduino},
  author={Monk, Simon},
  year={2012},
  publisher={McGraw-Hill Companies, USA}
}

@article{brock,
  title={Using Arduino for introductory programming courses},
  author={Brock, J Dean and Bruce, Rebecca F and Reiser, Susan L},
  journal={Journal of Computing Sciences in Colleges},
  volume={25},
  number={2},
  pages={129--130},
  year={2009},
  publisher={Consortium for Computing Sciences in Colleges}
}

@online{WinNT,
  author = {Raspberrypi.org},
  title = {{RASPBERRY} GPIO},
  year = 2017,
  url = {https://www.raspberrypi.org/documentation/usage/gpio-plus-and-raspi2/},
  urldate = {2017-03-22}
}
@online{WinNT,
  author = {Lao,Morgan Courbet,BuddingEngineer,Diego},
  title = {{ Stream video} How to stream video from raspberry Pi camera and watch it live},
  year = 2017,
  url = {http://raspberrypi.stackexchange.com/questions/23182/how-to-stream-video-from-raspberry-pi-camera-and-watch-it-live},
  urldate = {2017-03-22}
}
@online{WinNT,
  author = {simonline, tonyhughes},
  title = {{ UserandPassword} User name and password},
  year = 2017,
  url = {https://www.raspberrypi.org/forums/viewtopic.php?f=26&t=39518},
  urldate = {2013-04-05}
}
@online{WinNT,
  author = {Pete Taylor},
  title = {{ Take Control} Take Control of Your Raspberry Pi Using Your Mac, PC, iPad or Phone},
  year = 2017,
  url = {https://computers.tutsplus.com/tutorials/take-control-of-your-raspberry-pi-using-your-mac-pc-ipad-or-phone--mac-54603},
  urldate = {2013-10-18}
}
@online{WinNT,
  author = { Linux Format},
  title = {{ Remote control} How to remote control your Raspberry Pi},
  year = 2017,
  url = {http://www.techradar.com/how-to/computing/how-to-remote-control-your-raspberry-pi-1310785},
  urldate = {2015-12-08}
}
@online{WinNT,
  author = {Jeff Tranter},
  title = {{ Camera Module} The Raspberry Pi Camera Module},
  year = 2017,
  url = {http://www.ics.com/blog/raspberry-pi-camera-module#.VJFhbyvF-b8},
  urldate = {2014-01-29}
}
@online{WinNT,
  author = {Christian Cawley},
  title = {{  Upgrade} How to Upgrade to a Raspberry Pi 3},
  year = 2017,
  url = {http://www.makeuseof.com/tag/upgrade-raspberry-pi-3/},
  urldate = {2016-03-16}
}
@online{WinNT,
  author = {Raspberrypi.org},
  title = {{ Bluetooth} How to set up Bluetooth on your Raspberry Pi},
  year = 2017,
  url = {https://www.raspberrypi.org/learning/robo-butler/bluetooth-setup/},
  urldate = {2017-03-22}
}
@online{WinNT,
  author = {thepihut},
  title = {{ LED} Turning on an LED with your Raspberry Pi's GPIO Pins},
  year = 2017,
  url = {https://thepihut.com/blogs/raspberry-pi-tutorials/27968772-turning-on-an-led-with-your-raspberry-pis-gpio-pins},
  urldate = {2015-06-11}
}
@online{WinNT,
  author = {diyhacking},
  title = {{ Build Your First Robot} How to Build Your First Robot With Raspberry Pi},
  year = 2017,
  url = {https://diyhacking.com/raspberry-pi-robot/},
  urldate = {2017-03-22}
}
@online{WinNT,
  author = {Matt Richardson},
  title = {{Easy Guide to Programming} The Easy Guide to Programming a Raspberry Pi with Python},
  year = 2017,
  url = {http://makezine.com/projects/program-raspberry-pi-with-python/},
  urldate = {2017-03-22}
}
@online{WinNT,
  author = {vexforum},
  title = {{ Motor controlle}Using motor controller 29 and 393 motor with raspberry pi },
  year = 2017,
  url = {https://www.vexforum.com/index.php/15857-using-motor-controller-29-and-393-motor-with-raspberry-pi/0},
  urldate = {2017-03-22}
}